@article{marabita2013evaluation,
  title={An evaluation of analysis pipelines for DNA methylation profiling using the Illumina HumanMethylation450 BeadChip platform},
  author={Marabita, Francesco and Almgren, Malin and Lindholm, Mal{\'e}ne E and Ruhrmann, Sabrina and Fagerstr{\"o}m-Billai, Fredrik and Jagodic, Maja and Sundberg, Carl J and Ekstr{\"o}m, Tomas J and Teschendorff, Andrew E and Tegn{\'e}r, Jesper and others},
  journal={Epigenetics},
  volume={8},
  number={3},
  pages={333--346},
  year={2013},
  publisher={Taylor \& Francis}
}

@article{horvath2018epigenetic,
  title={Epigenetic clock for skin and blood cells applied to Hutchinson Gilford Progeria Syndrome and ex vivo studies},
  author={Horvath, Steve and Oshima, Junko and Martin, George M and Lu, Ake T and Quach, Austin and Cohen, Howard and Felton, Sarah and Matsuyama, Mieko and Lowe, Donna and Kabacik, Sylwia and others},
  journal={Aging (Albany NY)},
  volume={10},
  number={7},
  pages={1758},
  year={2018},
  publisher={Impact Journals, LLC}
}

@article{horvath2013dna,
  title={DNA methylation age of human tissues and cell types},
  author={Horvath, Steve},
  journal={Genome biology},
  volume={14},
  number={10},
  pages={3156},
  year={2013},
  publisher={BioMed Central}
}

@article{hannum2013genome,
  title={Genome-wide methylation profiles reveal quantitative views of human aging rates},
  author={Hannum, Gregory and Guinney, Justin and Zhao, Ling and Zhang, Li and Hughes, Guy and Sadda, SriniVas and Klotzle, Brandy and Bibikova, Marina and Fan, Jian-Bing and Gao, Yuan and others},
  journal={Molecular cell},
  volume={49},
  number={2},
  pages={359--367},
  year={2013},
  publisher={Elsevier}
}

@article{levine2018epigenetic,
  title={An epigenetic biomarker of aging for lifespan and healthspan},
  author={Levine, Morgan E and Lu, Ake T and Quach, Austin and Chen, Brian H and Assimes, Themistocles L and Bandinelli, Stefania and Hou, Lifang and Baccarelli, Andrea A and Stewart, James D and Li, Yun and others},
  journal={Aging (Albany NY)},
  volume={10},
  number={4},
  pages={573},
  year={2018},
  publisher={Impact Journals, LLC}
}

@article{alfonso2018,
  title={Bayesian neural networks improve methylation age estimates},
  author={Alfonso, Gerardo and Gonzalez, Juan R},
  journal={bioRxiv},
  volume={XX},
  number={X},
  pages={XX},
  year={2018}
}

@article{teschendorff2012beta,
  title={A beta-mixture quantile normalization method for correcting probe design bias in Illumina Infinium 450 k DNA methylation data},
  author={Teschendorff, Andrew E and Marabita, Francesco and Lechner, Matthias and Bartlett, Thomas and Tegner, Jesper and Gomez-Cabrero, David and Beck, Stephan},
  journal={Bioinformatics},
  volume={29},
  number={2},
  pages={189--196},
  year={2012},
  publisher={Oxford University Press}
}

@article{min2018meffil,
  title={Meffil: efficient normalization and analysis of very large DNA methylation datasets},
  author={Min, JL and Hemani, G and Davey Smith, G and Relton, C and Suderman, M and Hancock, John},
  journal={Bioinformatics},
  year={2018}
}

@article{reinius2012differential,
  title={Differential DNA methylation in purified human blood cells: implications for cell lineage and studies on disease susceptibility},
  author={Reinius, Lovisa E and Acevedo, Nathalie and Joerink, Maaike and Pershagen, G{\"o}ran and Dahl{\'e}n, Sven-Erik and Greco, Dario and S{\"o}derh{\"a}ll, Cilla and Scheynius, Annika and Kere, Juha},
  journal={PloS one},
  volume={7},
  number={7},
  pages={e41361},
  year={2012},
  publisher={Public Library of Science}
}

@article{chen2017epigenome,
  title={An epigenome-wide association study of total serum IgE in Hispanic children},
  author={Chen, Wei and Wang, Ting and Pino-Yanes, Maria and Forno, Erick and Liang, Liming and Yan, Qi and Hu, Donglei and Weeks, Daniel E and Baccarelli, Andrea and Acosta-Perez, Edna and others},
  journal={Journal of Allergy and Clinical Immunology},
  volume={140},
  number={2},
  pages={571--577},
  year={2017},
  publisher={Elsevier}
}

@article{bakulski2016dna,
  title={DNA methylation of cord blood cell types: applications for mixed cell birth studies},
  author={Bakulski, Kelly M and Feinberg, Jason I and Andrews, Shan V and Yang, Jack and Brown, Shannon and L. McKenney, Stephanie and Witter, Frank and Walston, Jeremy and Feinberg, Andrew P and Fallin, M Daniele},
  journal={Epigenetics},
  volume={11},
  number={5},
  pages={354--362},
  year={2016},
  publisher={Taylor \& Francis}
}


@article{wang2015systematic,
  title={A systematic study of normalization methods for Infinium 450K methylation data using whole-genome bisulfite sequencing data},
  author={Wang, Ting and Guan, Weihua and Lin, Jerome and Boutaoui, Nadia and Canino, Glorisa and Luo, Jianhua and Celed{\'o}n, Juan Carlos and Chen, Wei},
  journal={Epigenetics},
  volume={10},
  number={7},
  pages={662--669},
  year={2015},
  publisher={Taylor \& Francis}
}

@article{de2015nucleated,
  title={Nucleated red blood cells impact DNA methylation and expression analyses of cord blood hematopoietic cells},
  author={de Goede, Olivia M and Razzaghian, Hamid R and Price, E Magda and Jones, Meaghan J and Kobor, Michael S and Robinson, Wendy P and Lavoie, Pascal M},
  journal={Clinical epigenetics},
  volume={7},
  number={1},
  pages={95},
  year={2015},
  publisher={BioMed Central}
}

@article{slieker2013identification,
  title={Identification and systematic annotation of tissue-specific differentially methylated regions using the Illumina 450k array},
  author={Slieker, Roderick C and Bos, Steffan D and Goeman, Jelle J and Bov{\'e}e, Judith VMG and Talens, Rudolf P and van der Breggen, Ruud and Suchiman, H Eka D and Lameijer, Eric-Wubbo and Putter, Hein and van den Akker, Erik B and others},
  journal={Epigenetics \& chromatin},
  volume={6},
  number={1},
  pages={26},
  year={2013},
  publisher={BioMed Central}
}

@article{knight2016epigenetic,
  title={An epigenetic clock for gestational age at birth based on blood methylation data},
  author={Knight, Anna K and Craig, Jeffrey M and Theda, Christiane and B{\ae}kvad-Hansen, Marie and Bybjerg-Grauholm, Jonas and Hansen, Christine S and Hollegaard, Mads V and Hougaard, David M and Mortensen, Preben B and Weinsheimer, Shantel M and others},
  journal={Genome biology},
  volume={17},
  number={1},
  pages={206},
  year={2016},
  publisher={BioMed Central}
}
